@comment{This file has been generated by Pybliographer}


@Article{gima2002ionic,
  Author         = {Gima, K. and Rudy, Y.},
  Title          = {Ionic current basis of electrocardiographic waveforms},
  Journal        = {Circ. Res.},
  Volume         = {90},
  Pages          = {889--896},
  doi            = {10.1161/â€‹01.RES.0000016960.61087.86},
  year           = 2002
}

@Article{Pathmanathan2010ngb,
  Author         = {Pathmanathan, P. and Bernabeu, M. and Bordas, R. and
                   Cooper, J. and Garny, A. and Pitt-Francis, J. M. and
                   Whiteley, J. P. and Gavaghan, D. J.},
  Title          = {A numerical guide to the solution of the bidomain
                   equations of cardiac electrophysiology},
  Journal        = {Prog. Biophys. Mol. Biol.},
  Volume         = {102},
  Pages          = {136--155},
  doi            = {10.1016/j.pbiomolbio.2010.05.006},
  year           = 2010
}

@Article{Bernabeu2009a,
  Author         = {Bernabeu, M. and Bordas, R. and Pathmanathan, P. and
                   Pitt-Francis, J. and Cooper, J. and Garny, A. and
                   Gavaghan, D. J. and Rodr{\'i}guez, B. and Southern, J. A.
                   and Whiteley, J. P.},
  Title          = {Chaste: incorporating a novel multi-scale spatial and
                   temporal algorithm into a large-scale open source
                   library},
  Journal        = {Phil. Trans. R. Soc. A},
  Volume         = {367},
  Pages          = {1907-1930},
  doi            = {10.1098/rsta.2008.0309},
  year           = 2009
}

@Article{collier1996pattern,
  Author         = {Collier, J. R. and Monk, N. A. M. and Maini, P. K. and
                   Lewis, J. H.},
  Title          = {Pattern formation by lateral inhibition with feedback:
                   a mathematical model of {Delta-Notch} intercellular
                   signalling},
  Journal        = {J. Theor. Biol.},
  Volume         = {183},
  Number         = {4},
  Pages          = {429--446},
  year           = 1996
}

@article{crosnier2006organizing,
  title={Organizing cell renewal in the intestine: stem cells, signals and combinatorial control},
  author={Crosnier, C. and Stamataki, D. and Lewis, J.},
  journal={Nature Reviews Genetics},
  volume={7},
  number={5},
  pages={349--359},
  year={2006},
  publisher={Nature Publishing Group}
}


@Article{Dunn2012,
  Author         = {Dunn, S.-J. and Fletcher, A. G. and Chapman, S. J. and
                   Gavaghan, D. J. and Osborne, J. M.},
  Title          = {Modelling the role of the basement membrane beneath a
                   growing epithelial monolayer},
  Journal        = {J. Theor. Biol.},
  Volume         = {298},
  Pages          = {82--91},
  doi            = {10.1016/j.jtbi.2011.12.013},
  year           = 2012
}

@Article{Pathmanathan2010,
  Author         = {Pathmanathan, P. and Chapman, S. J. and Gavaghan, D. J.
                   and Whiteley, J. P.},
  Title          = {Cardiac electromechanics: the effect of contraction
                   model on the mathematical problem and accuracy of the
                   numerical scheme},
  Journal        = {Q. J. Mech. Appl. Math.},
  Volume         = {63},
  Pages          = {375--399},
  doi            = {10.1093/qjmam/hbq014},
  year           = 2010
}

@Article{Weliky1990,
  Author         = {Weliky, M. and Oster, G.},
  Title          = {{The mechanical basis of cell rearrangement. I.
                   Epithelial morphogenesis during Fundulus epiboly}},
  Journal        = {Development},
  Volume         = {109},
  Pages          = {373--386},
  year           = 1990
}

@Article{Honda1980,
  Author         = {Honda, H. and Eguchi, G.},
  Title          = {{How much does the cell boundary contract in a
                   monolayered cell sheet?}},
  Journal        = {J. Theor. Biol.},
  Volume         = {84},
  Pages          = {575--88},
  doi            = {10.1016/S0022-5193(80)80021-X},
  year           = 1980
}

@Article{Pueyo2011,
  Author         = {Pueyo, E. and Corrias, A. and Virag, L. and Jost, N.
                   and Szel, T. and Varro, A. and Szentandrassy, N. and
                   Nanasi, P. P. and Burrage, K. and Rodriguez, B.},
  Title          = {A multiscale investigation of repolarization
                   variability and its role in cardiac arrhythmogenesis},
  Journal        = {Biophys. J.},
  Volume         = {101},
  Pages          = {2892--2902},
  doi            = {10.1016/j.bpj.2011.09.060},
  year           = 2011
}

@Article{waltemath2011sed,
  Author         = {Waltemath, D. and Adams, R. and Bergmann, F. and
                   Hucka, M. and Kolpakov, F. and Miller, A. and Moraru,
                   I. and Nickerson, D. and Sahle, S. and Snoep, J. and
                   {Le Nov{\`e}re}, N.},
  Title          = {{Reproducible computational biology experiments with
                   SED-ML - The Simulation Experiment Description Markup
                   Language}},
  Journal        = {BMC Syst. Biol.},
  Volume         = {5},
  Pages          = {198},
  doi            = {10.1186/1752-0509-5-198},
  year           = 2011
}

@InProceedings{allowatt2005ide,
  Author         = {Allowatt, A. and Edwards, S. H.},
  Title          = {{IDE Support for test-driven development and automated
                   grading in both Java and C++}},
  BookTitle      = {Proceedings of the 2005 OOPSLA workshop on Eclipse
                   technology eXchange},
  Pages          = {100--104},
  Organization   = {ACM},
  year           = 2005
}

@InProceedings{bernabeu2010shock,
  Author         = {Bernabeu, M. O. and Wallman, M. and Rodr\'{i}guez, B.},
  Title          = {Shock-induced arrhythmogenesis in the human heart: A
                   computational modelling study},
  BookTitle      = {Engineering in Medicine and Biology Society (EMBC),
                   2010 Annual International Conference of the IEEE},
  Pages          = {760-763},
  doi            = {10.1109/IEMBS.2010.5626338},
  issn           = {1557-170X},
  year           = 2010
}

@Article{karypis1998fast,
  Author         = {Karypis, G. and Kumar, V.},
  Title          = {A fast and high quality multilevel scheme for
                   partitioning irregular graphs},
  Journal        = {SIAM J. Sci. Comput.},
  Volume         = {20},
  Pages          = {359--392},
  publisher      = {Citeseer},
  year           = 1998
}

@Article{moreira2002cellular,
  Author         = {Moreira, J. and Deutsch, A.},
  Title          = {Cellular automaton models of tumor development: a
                   critical review},
  Journal        = {Adv. Complex Syst.},
  Volume         = {5},
  Pages          = {247--268},
  year           = 2002
}

@Article{Buist2010,
  Author         = {Buist, M. L. and Corrias, A. and Poh, Y. C.},
  Title          = {A model of slow wave propagation and entrainment along
                   the stomach},
  Journal        = {Ann. Biomed. Eng.},
  Volume         = {38},
  Pages          = {3022--3030},
  doi            = {10.1007/s10439-010-0051-1},
  year           = 2010
}

@Article{perfahl2011multiscale,
  Author         = {Perfahl, H. and Byrne, H. M. and Chen, T. and Estrella,
                   V. and Alarc{\'o}n, T. and Lapin, A. and Gatenby, R. A.
                   and Gillies, R. J. and Lloyd, M. C. and Maini, P. K. and
                   Reuss, M. and Owen. M. R.},
  Title          = {{Multiscale modelling of vascular tumour growth in 3D:
                   the roles of domain size and boundary conditions}},
  Journal        = {PLoS One},
  Volume         = {6},
  Pages          = {e14790},
  doi            = {10.1371/journal.pone.0014790},
  year           = 2011
}

@InProceedings{Dutta2011,
  Author         = {Dutta, S. and Bishop, M. and Pathmanathan, P. and Lee,
                   P. and Kohl, P. and Quinn, T. and Rodriguez, B.},
  Title          = {Interpreting optical mapping recordings in the
                   ischemic heart: a combined experimental and
                   computational investigation},
  BookTitle      = {Functional Imaging and Modeling of the Heart},
  Editor         = {Metaxas, Dimitris and Axel, Leon},
  Volume         = {6666},
  Series         = {Lecture Notes in Computer Science},
  Pages          = {20--27},
  Publisher      = {Springer Berlin / Heidelberg},
  doi            = {10.1007/978-3-642-21028-0_3},
  year           = 2011
}

@Article{christie2009fieldml,
  Author         = {Christie, G. R. and Nielsen, P. M. F. and Blackett, S. A.
                   and Bradley, C. P. and Hunter, P. J.},
  Title          = {{FieldML: concepts and implementation}},
  Journal        = {Phil. Trans. R. Soc. A},
  Volume         = {367},
  Pages          = {1869--1884},
  doi            = {10.1098/rsta.2009.0025},
  year           = 2009
}

@InProceedings{Strazdins2011,
  Author         = {Strazdins, P. and Hegland, M.},
  Title          = {{Performance analysis of a cardiac simulation code
                   using IPM}},
  BookTitle      = {Proceedings of the second workshop on Scalable
                   algorithms for large-scale systems},
  Pages          = {29--32},
  doi            = {10.1145/2133173.2133186},
  year           = 2011
}

@Article{fletcher2012mathematical,
  Author         = {Fletcher, A. G. and Breward, C. J. W. and Chapman, S. J.},
  Title          = {Mathematical modeling of monoclonal conversion in the
                   colonic crypt},
  Journal        = {J. Theor. Biol.},
  Volume         = {300},
  Pages          = {118--133},
  doi            = {10.1016/j.jtbi.2012.01.021},
  year           = 2012
}

@Article{Cooper2010virtual,
  Author         = {Cooper, J. and Cervenansky, F. and De Fabritiis, G.
                   and Fenner, J. and Friboulet, D. and Giorgino, T. and
                   Manos, S. and Martelli, Y. and Vill{\`a}-Freixa, J. and
                   Zasada, S. and Lloyd, S. and McCormack, K. and Coveney,
                   P.V.},
  Title          = {The Virtual Physiological Human ToolKit},
  Journal        = {Phil. Trans. R. Soc. A},
  Volume         = {368},
  Pages          = {3925--3936},
  doi            = {10.1098/rsta.2010.0144},
  year           = 2010
}

@Article{Mirams2012CryptInvasion,
  Author         = {Mirams, G. R. and Fletcher, A. G. and Maini, P. K. and
                   Bryne, H. M.},
  Title          = {A theoretical investigation of the effect of
                   proliferation and adhesion on monoclonal conversion in
                   the colonic crypt},
  Journal        = {J. Theor. Biol.},
  Volume         = {(in press)},
  year           = 2012
}

@Article{Pathmanathan2011,
  Author         = {Pathmanathan, P. and Mirams, G. R. and Southern, J. and
                   Whiteley, J.},
  Title          = {The significant effect of the choice of ionic current
                   integration method in cardiac electro-physiological
                   simulations},
  Journal        = {Int. J. Numer. Meth. Biomed. Engng.},
  Volume         = {27},
  Pages          = {1751--1770},
  doi            = {10.1002/cnm.1438},
  year           = 2011
}

@MastersThesis{Marsh2012,
  Author         = {Marsh, M. E.},
  Title          = {An assessment of numerical methods for cardiac
                   simulation},
  School         = {University of Saskatchewan},
  year           = 2012
}

@Article{Eisenhoffer2012,
  Author         = {Eisenhoffer, G. T. and Loftus, P. D. and Yoshigi, M. and
                   Otsuna, H. and Chien, C. B. and Morcos, P. A. and
                   Rosenblatt, J.},
  Title          = {Crowding induces live cell extrusion to maintain
                   homeostatic cell numbers in epithelia},
  Journal        = {Nature},
  Volume         = {484},
  Pages          = {546--549},
  doi            = {10.1038/nature10999},
  year           = 2012
}

@Article{Sanders2006,
  Author         = {Sanders, K. M. and Koh, S. D. and Ward, S. M.},
  Title          = {{Interstitial cells of Cajal as pacemakers in the
                   gastrointestinal tract}},
  Journal        = {Annu. Rev. Physiol.},
  Volume         = {68},
  Pages          = {307--343},
  doi            = {10.1146/annurev.physiol.68.040504.094718},
  year           = 2006
}

@Article{Novere2005,
  Author         = {{Le Nov{\`e}re}, N. and Finney, A. and Hucka, M. and
                   Bhalla, U. S. and Campagne, F. and Collado-Vides, J. and
                   Crampin, E.J. and Halstead, M. and Klipp, E. and
                   Mendes, P. Nielsen, P. and Sauro, H. and Shapiro, B.
                   and Snoep, J. L. and Spence, H.D. and Wanner, B. L.},
  Title          = {{Minimum information requested in the annotation of
                   biochemical models (MIRIAM)}},
  Journal        = {Nat. Biotech.},
  Volume         = {23},
  Pages          = {1509--1515},
  doi            = {10.1038/nbt1156},
  year           = 2005
}

@Article{bordas2009simulation,
  Author         = {Bordas, R. and Carpentieri, B. and Fotia, G. and
                   Maggio, F. and Nobes, R. and Pitt-Francis, J. and
                   Southern, J.},
  Title          = {Simulation of cardiac electrophysiology on
                   next-generation high-performance computers},
  Journal        = {Phil. Trans. R. Soc. A},
  Volume         = {367},
  Pages          = {1951--1969 },
  doi            = {10.1098/rsta.2008.0298 },
  year           = 2009
}

@Article{Pathmanathan2009,
  Author         = {Pathmanathan, P. and Cooper, J. and Fletcher, A. G. and
                   Mirams, G. R. and Murray, P. J. and Osborne, J. and
                   Pitt-Francis, J. and Walter, A. and Chapman, S. J.},
  Title          = {A computational study of discrete mechanical tissue
                   models},
  Journal        = {Phys. Biol.},
  Volume         = {6},
  Pages          = {036001},
  doi            = {10.1088/1478-3975/6/3/036001},
  year           = 2009
}

@Article{zemzemi2012,
  Author         = {Zemzemi, N. and Benabeu, M.O. and Saiz, J. and Cooper,
                   J. and Pathmanathan, P. and Mirams, G. R. and
                   Pitt-Francis, J. M. and Rodriguez, B.},
  Title          = {Computational assessment of drug-induced effects on
                   the electrocardiogram: from ion channel block to body
                   surface potentials},
  Journal        = {Br. J. Pharmacol.},
  Volume         = {(submitted)},
  year           = 2012
}

@Article{Osborne2010,
  Author         = {Osborne, J. M. and Walter, A. and Kershaw, S. K. and
                   Mirams, G. R. and Fletcher, A. G. and Pathmanathan, P.
                   and Gavaghan, D. J. and Jensen, O. E. and Maini, P. K. and
                   Byrne, H. M.},
  Title          = {A hybrid approach to multi-scale modelling of cancer},
  Journal        = {Phil. Trans. R. Soc. A},
  Volume         = {368},
  Pages          = {5013--5028},
  doi            = {10.1098/rsta.2010.0173},
  year           = 2010
}

@Article{lopez2010intestinal,
  Author         = {Lopez-Garcia, C. and Klein, A. M. and Simons, B. D. and
                   Winton, D. J.},
  Title          = {Intestinal stem cell replacement follows a pattern of
                   neutral drift},
  Journal        = {Science},
  Volume         = {330},
  Pages          = {822--825},
  doi            = {10.1126/science.1196236},
  year           = 2010
}

@Article{mirams2011time,
  Author         = {Mirams, G. R. and Noble, D.},
  Title          = {Is it time for in silico simulation of drug cardiac
                   side effects?},
  Journal        = {Ann. N.Y. Acad. Sci.},
  Volume         = {1245},
  Pages          = {44--47},
  doi            = {10.1111/j.1749-6632.2011.06324.x},
  year           = 2011
}

@Article{Merali2010,
  Author         = {Merali, Z.},
  Title          = {{Computational science: Error, why scientific
                   programming does not compute}},
  Journal        = {Nature},
  Volume         = {467},
  Pages          = {775--777},
  doi            = {10.1038/467775a},
  year           = 2010
}

@Article{pathmanathan2011computational,
  Author         = {Pathmanathan, P. and Bernabeu, M. O. and Niederer, S. A.
                   and Gavaghan, D. J. and Kay, D.},
  Title          = {Computational modelling of cardiac electrophysiology:
                   explanation of the variability of results from
                   different numerical solvers},
  Journal        = {Int. J. Numer. Methods Biomed. Eng.},
  doi            = {10.1002/cnm.2467},
  year           = {2012},
  volume = {28},
  number={8},
  pages={890-903}
}

@Article{corrias2012modelling,
  Author         = {Corrias, A. and Pathmanathan, P. and Gavaghan, D. J.
                   and Buist, M. L.},
  Title          = {Modelling tissue electrophysiology with multiple cell
                   types: applications of the extended bidomain framework},
  Journal        = {Integr. Biol.},
  Volume         = {4},
  Pages          = {192--201},
  doi            = {10.1039/C2IB00100D},
  year           = 2012
}

@Article{Waltemath2011,
  Author         = {Waltemath, D. and Adams, R. and Beard, D. A. and
                   Bergmann, F. T. and Bhalla, U. S. and Britten, R. and
                   Chelliah, V. and Cooling, M. T. and Cooper, J. and
                   Crampin, E. J. and Garny, A. and Hoops, S. and Hucka, M.
                   and Hunter, P. and Klipp, E. and Laibe, C. and Miller,
                   A. K. and Moraru, I. and Nickerson, D. and Nielsen, P.
                   and Nikolski, M. and Sahle, S. and Sauro, H. M. and
                   Schmidt, H. and Snoep, J. L. and Tolle, Do. and
                   Wolkenhauer, O. and {Le Nov{\`e}re}, N.},
  Title          = {{Minimum Information About a Simulation Experiment
                   (MIASE)}},
  Journal        = {PLoS Comput. Biol.},
  Volume         = {7},
  Pages          = {e1001122},
  doi            = {10.1371/journal.pcbi.1001122},
  year           = 2011
}

@Article{Bernabeu2010,
  Author         = {Bernabeu, M. O. and Pathmanathan, Pras and
                   Pitt-Francis, J. and Kay, D.},
  Title          = {Stimulus protocol determines the most computationally
                   efficient preconditioner for the bidomain equations},
  Journal        = {IEEE Trans. Biomed. Eng.},
  Volume         = {57},
  Pages          = {2806--2815},
  doi            = {10.1109/TBME.2010.2078817},
  year           = 2010
}

@Article{Cooper2011,
  Author         = {Cooper, J. and Mirams, G. R. and Niederer, S.},
  Title          = {High throughput functional curation of cellular models},
  Journal        = {Prog. Biophys. Mol. Biol.},
  Volume         = {107},
  Pages          = {11--20},
  doi            = {10.1016/j.pbiomolbio.2011.06.003},
  year           = 2011
}

@InProceedings{petsc,
  Author         = {Balay, S. and Gropp, W. D. and McInnes, L. C. and Smith,
                   B. F.},
  Title          = {Efficient management of parallelism in object oriented
                   numerical doftware libraries},
  BookTitle      = {Modern Software Tools in Scientific Computing},
  Editor         = {Arge, E. and Bruaset, A.M. and Langtangen, H.P.},
  Pages          = {163--202},
  Publisher      = {Birkh{\"a}user Press},
  year           = 1997
}

@Article{Bradley2011,
  Author         = {Bradley, C. and Bowery, A. and Britten, R. and
                   Budelmann, V. and Camara, O. and Christie, R. and
                   Cookson, A. and Frangi, A. F. and Gamage, T. B. and
                   Heidlauf, T. and Krittian, S. and Ladd, D. and Little,
                   C. and Mithraratne, K. and Nash, M. and Nickerson, D.
                   and Nielsen, P. and Nordb{\o}, O. and Omholt, S. and
                   Pashaei, A. and Paterson, D. and Rajagopal, V. and
                   Reeve, A. and R{\"o}hrle, O. and Safaei, S. and
                   Sebasti{\'a}n, R. and Stegh{\"o}fer, M. and Wu, T. and
                   Yu, T. and Zhang, H. and Hunter, P.},
  Title          = {{OpenCMISS: a multi-physics \& multi-scale
                   computational infrastructure for the VPH/Physiome
                   project}},
  Journal        = {Prog. Biophys. Mol. Biol.},
  Volume         = {107},
  Pages          = {32--47},
  doi            = {10.1016/j.pbiomolbio.2011.06.015},
  year           = 2011
}

@Article{Walmsley2012,
  Author         = {Walmsley, J. and Burrage, K. and Pitt-Francis, J. M.
                   and Mirams, G. R. and Rodriguez, B.},
  Title          = {Stochasticity in action potential duration enhances
                   dispersion of repolarisation at fast pacing rates},
  Journal        = {Biophys. J.},
  Volume         = {102},
  Pages          = {592a--593a},
  doi            = {10.1016/j.bpj.2011.11.3230},
  year           = 2012
}

@Article{Cickovski2007,
  Author         = {Cickovski, T. and Aras, K. and Swat, M. and Merks,
                   R. M. H. and Glimm, T. and Hentschel, H. G. E. and Alber,
                   M. S. and Glazier, J. A. and Newman, S. A. and Izaguirre,
                   J. A.},
  Title          = {From genes to organisms via the cell: a
                   problem-solving environment for multicellular
                   development},
  Journal        = {Comput. Sci. Eng.},
  Volume         = {9},
  Pages          = {50--60},
  doi            = {10.1109/MCSE.2007.74},
  year           = 2007
}

@Article{Cooper2011cuc,
  Author         = {Cooper, J. and Corrias, A. and Gavaghan, D. and Noble,
                   D.},
  Title          = {Considerations for the use of cellular
                   electrophysiology models within cardiac tissue
                   simulations},
  Journal        = {Prog. Biophys. Mol. Biol.},
  Volume         = {107},
  Pages          = {74--80},
  doi            = {10.1016/j.pbiomolbio.2011.06.002},
  year           = 2011
}

@Article{niederer2011verification,
  Author         = {Niederer, S. A. and Kerfoot, E. and Benson, A. P. and
                   Bernabeu, M. O. and Bernus, O. and Bradley, C. and
                   Cherry, E. M. and Clayton, R. and Fenton, F. H. and
                   Garny, A. and Heidenreich, E. and Land, S. and
                   Maleckar, M. and Pathmanathan, P. and Plank, G. and
                   Rodr{\'i}guez, J. F. and Roy, I. and Sachse, F. B. and
                   Seemann, G. and Skavhaug, O. and Smith, N. P.},
  Title          = {Verification of cardiac tissue electrophysiology
                   simulators using an N-version benchmark},
  Journal        = {Phil. Trans. R. Soc. A},
  Volume         = {369},
  Pages          = {4331--4351},
  doi            = {10.1098/rsta.2011.0139},
  year           = 2011
}

@Article{beck1999embracing,
  Author         = {Beck, K.},
  Title          = {Embracing change with extreme programming},
  Journal        = {Computer},
  Volume         = {32},
  Number         = {10},
  Pages          = {70--77},
  year           = 1999
}

@Article{Southern2012Parallel,
  Author         = {Southern, J. and Gorman, G. J. and Piggott, M. D. and
                   Farrell, P. E.},
  Title          = {Parallel anisotropic mesh adaptivity with dynamic load
                   balancing for cardiac electrophysiology},
  Journal        = {J. Comput. Sci.},
  Volume         = {3},
  Pages          = {8--16},
  doi            = {10.1016/j.jocs.2011.11.002},
  year           = 2012
}

@Article{Graner1992Simulation,
  Author         = {Graner, F. and Glazier, J. A.},
  Title          = {Simulation of biological cell sorting using a
                   two-dimensional extended Potts model},
  Journal        = {Phys. Rev. Lett.},
  Volume         = {69},
  Pages          = {2013--2016},
  doi            = {10.1103/PhysRevLett.69.2013},
  year           = 1992
}

@Article{Mirams2012,
  Author         = {Mirams, G. R. and Davies, M. R. and Cui, Y. and Kohl, P.
                   and Noble, D.},
  Title          = {Application of cardiac electrophysiology simulations
                   to pro-arrhythmic safety testing},
  Journal        = {Br. J. Pharmacol.},
  Volume         = {(in press)},
  doi            = {10.1111/j.1476-5381.2012.02020.x},
  year           = 2012
}

@Article{pitt2009chaste,
  Author         = {Pitt-Francis, J. and Pathmanathan, P. and Bernabeu,
                   M. O. and Bordas, R. and Cooper, J. and Fletcher, A. G.
                   and Mirams, G. R. and Murray, P. and Osborne, J. M. and
                   Walter, A. and Chapman, S. J. and Garny, A. and {van
                   Leeuwen}, I. M. M. and Maini, P. K. and Rodriguez, B. and
                   Whiteley, J. P. and Byrne, H. M. and Gavaghan, D. J.},
  Title          = {{Chaste: A test-driven approach to software
                   development for biological modelling}},
  Journal        = {Comput. Phys. Comm.},
  Volume         = {180},
  Pages          = {2452--2471},
  doi            = {10.1016/j.cpc.2009.07.019},
  year           = 2009
}

@InCollection{si2005,
  Author         = {Si, H. and G{\"a}rtner, K.},
  Title          = {{Meshing piecewise linear complexes by constrained
                   Delaunay tetrahedralizations}},
  BookTitle      = {Proceedings of the 14th International Meshing
                   Roundtable},
  Publisher      = {Springer Berlin Heidelberg},
  Editor         = {Hanks, Byron W.},
  Pages          = {147-163},
  isbn           = {978-3-540-29090-2},
  year           = 2005
}

@Article{Mirams2011,
  Author         = {Mirams, G. R. and Cui, Y. and Sher, A. and Fink, M. and
                   Cooper, J. and Heath, B. M. and McMahon, N. C. and
                   Gavaghan, D. J. and Noble, D.},
  Title          = {Simulation of multiple ion channel block provides
                   improved early prediction of compounds' clinical
                   torsadogenic risk},
  Journal        = {Cardiovasc. Res.},
  Volume         = {91},
  Pages          = {53--61},
  doi            = {10.1093/cvr/cvr044},
  year           = 2011
}

@Manual{jsf,
  Title          = {Joint Strike Fighter Air Vehicle C++ Coding Standards
                   For the System Development and Demonstration Program},
  Author         = {Lockheed-Martin},
  url            = {http://www.jsf.mil/downloads/documents/JSF\_AV\_C++\_Coding\_Standards\_Rev\_C.doc},
  year           = 2005
}

@InProceedings{folk1999hdf5,
  Author         = {Folk, M. and Cheng, A. and Yates, K.},
  Title          = {{HDF5: A file format and I/O library for high
                   performance computing applications}},
  BookTitle      = {Proc. Supercomputing},
  Volume         = {99},
  year           = 1999
}

@Article{VanLeeuwen2009,
  Author         = {{van Leeuwen}, I. M. M. and Mirams, G. R. and Walter, A.
                   and Fletcher, A. G. and Murray, P. J. and Osbourne, J.
                   and Varma, S. and Young, S. J. and Cooper, J. and Doyle,
                   B. and Pitt-Fancis, J. and Momtahan, L. and
                   Pathmanathan, P. and Whiteley, J. P. and Chapman, S. J.
                   and Gavaghan, D. J. and Jensen, O. E. and King, J. R. and
                   Maini, P. K. and Waters, S. L. and Byrne, H. M.},
  Title          = {An integrative computational model for intestinal
                   tissue renewal},
  Journal        = {Cell Prolif.},
  Volume         = {42},
  Pages          = {617--636},
  doi            = {10.1111/j.365-2184.2009.00627.x},
  year           = 2009
}

@Article{arthurs2012efficient,
  Author         = {Arthurs, C. J. and Bishop, M. J. and Kay, D.},
  Title          = {Efficient simulation of cardiac electrical propagation
                   using high order finite elements},
  Journal        = {J. Comput. Phys.},
  Volume         = {231},
  Number         = {10},
  Pages          = {2964--3962},
  doi            = {10.1016/j.jcp.2012.01.037},
  year           = 2012
}

% The "Editor" line is ignored by Bibtex
@InBook{CDB13,
  Author         = {Corrias, A. and Du, P. and Buist, M. L.},
  Editor         = {Cheng, Pullan, Farrugia},
  Title          = {New {A}dvances in {G}astrointestinal {M}otility
                   {R}esearch},
  Chapter        = {Modelling Tissue Electrophysiology in the GI Tract:
                   Past, Present and Future},
  Pages          = {(in press)},
  Publisher      = {Springer},
  Series         = {Lecture Notes in Computational Vision and Biomechanics},
  year           = 2013
}

@Book{karlsson2005beyond,
  Author         = {Karlsson, B.},
  Title          = {Beyond the C++ standard library},
  Publisher      = {Addison-Wesley Professional},
  year           = 2005
}

@Article{Bernabeu2008,
  Author         = {Bernabeu, M. and Cooper, J. and Gavaghan, D. J. and
                   Osborne, J. and Pathmanathan, P. and Pitt-Francis, J.
                   and Rodr{\'i}guez, B. and Whiteley, J.},
  Title          = {Chaste: using agile programming techniques to develop
                   computational biology software},
  Journal        = {Phil. Trans. R. Soc. A},
  Volume         = {366},
  Pages          = {3111--3136},
  doi            = {10.1098/rsta.2008.0096},
  year           = 2008
}

@Article{Macklin2012,
  Author         = {Macklin, P. and Edgerton, M. E. and Thompson, A. and
                   Cristini, V.},
  Title          = {{Patient-calibrated agent-based modelling of ductal
                   carcinoma in situ ({DCIS}) II: From microscopic
                   measurements to macroscopic predictions of clinical
                   progression}},
  Journal        = {J. Theor. Biol.},
  Volume         = {301},
  Pages          = {122--140},
  doi            = {10.1016/j.jtbi.2012.02.002},
  year           = 2012
}

@Article{Dunn2012Plos,
  Author         = {Dunn, S.-J. and Appleton, P. L. and Nelson, S. A. and
                   N{\"a}thke, I. S. and Gavaghan, D. J. and Osborne, J. M.},
  Title          = {A two-dimensional model of the colonic crypt
                   accounting for the role of the basement membrane and
                   pericryptal fibroblast sheath},
  Journal        = {PLoS Comput. Biol.},
  Volume         = {8},
  Pages          = {e1002515},
  doi            = {10.1371/journal.pcbi.1002515},
  year           = 2012
}

@Article{bernabeu2012,
  Author         = {M. O. Bernabeu and J. Southern and N. Wilson and P.
                   Strazdins and J. Cooper and J. Pitt-Francis},
  Title          = {Chaste: a case study of parallelisation of an open
                   source finite element solver with applications to
                   computational cardiac electrophysiology simulation},
  Journal        = {International Journal of High Performance Computing},
  Volume         = {(in press)},
  year           = 2012
}

@InCollection{shewchuk96b,
  Author         = {Shewchuk, J. R.},
  Title          = {{Triangle: engineering a 2D quality mesh generator and
                   Delaunay triangulator}},
  BookTitle      = {Applied Computational Geometry: Towards Geometric
                   Engineering},
  Publisher      = {Springer-Verlag},
  Editor         = {Lin, M.C. and Manocha. D.},
  Volume         = {1148},
  Series         = {Lecture Notes in Computer Science},
  Pages          = {203--222},
  year           = 1996
}

@InProceedings{Cooper06,
  Author         = {Jonathan Cooper and Steve McKeever and Alan Garny},
  Title          = {On the application of partial evaluation to the
                   optimisation of cardiac electrophysiological
                   simulations},
  BookTitle      = {{PEPM '06: Proceedings of the 2006 ACM SIGPLAN
                   Symposium on Partial Evaluation and Semantics-Based
                   Program Manipulation}},
  Pages          = {12--20},
  Address        = {{New York, NY, USA}},
  Publisher      = {{ACM Press}},
  doi            = {10.1145/1111542.1111546},
  isbn           = {1-59593-196-1},
  location       = {Charleston, South Carolina},
  year           = {2006}
}

@Article{Garny2008,
  Author         = {Garny, A. and Nickerson, D. P. and Cooper, J. and
                   Santos, R. W. and Miller, A. K. and McKeever, S. and
                   Nielsen, P. M. F. and Hunter, P. J.},
  Title          = {{CellML and associated tools and techniques}},
  Journal        = {Phil. Trans. R. Soc. A},
  Volume         = {366},
  Pages          = {3017--3043},
  doi            = {10.1098/rsta.2008.0094},
  year           = 2008
}

@Article{cedilnik2006remote,
  Author         = {Cedilnik, A. and Geveci, B. and Moreland, K. and
                   Ahrens, J. and Favre, J.},
  Title          = {Remote large data visualization in the ParaView
                   framework},
  Journal        = {Eurographics Parallel Graphics and Visualization},
  Pages          = {163--170},
  year           = 2006
}

@Article{Drasdo2000,
  Author         = {Drasdo, D.},
  Title          = {Buckling instabilities of one-layered growing tissues},
  Journal        = {Phys. Rev. Lett.},
  Volume         = {84},
  Pages          = {4244--4247},
  doi            = {10.1103/PhysRevLett.84.4244},
  year           = 2000
}

@Article{Baxter2006,
  Author         = {Baxter, S. M. and Day, S. W. and Fetrow, J. S. and
                   Reisinger, S. J.},
  Title          = {Scientific software development is not an oxymoron},
  Journal        = {PLoS Comput. Biol.},
  Volume         = {2},
  Pages          = {e87},
  doi            = {10.1371/journal.pcbi.0020087},
  year           = 2006
}

@Article{luo1991model,
  Author         = {Luo, C. H. and Rudy, Y.},
  Title          = {A model of the ventricular cardiac action potential.
                   Depolarization, repolarization, and their interaction},
  Journal        = {Circ. Res.},
  Volume         = {68},
  Pages          = {1501--1526},
  doi            = {10.1161/â€‹01.RES.68.6.1501},
  year           = 1991
}

@Article{hucka2003systems,
  Author         = {Hucka, M. and Finney, A. and Sauro, H.M. and Bolouri,
                   H. and Doyle, J. C. and Kitano, H. and Arkin, A. P. and
                   Bornstein, B. J. and Bray, D. and Cornish-Bowden, A. and
                   Cuellar, A. A. and Dronov, S. and Gilles, E. D. and
                   Ginkel, M. and Gor, V. and Goryanin, I. I. and Hedley,
                   W. J. and Hodgman, T. C. and Hofmeyr, J.-H. and Hunter,
                   P. J. and Juty, N. S. and Kasberger, J. L. and Kremling,
                   A. and Kummer, U. and {Le Nov{\`e}re}, N. and Loew,
                   L.M. and Lucio, D. and Mendes, P. and Minch, E. and
                   Mjolsness, E. D. and Nakayama, Y. and Nelson, M. R. and
                   Nielsen, P. F. and Sakurada, T. and Schaff, J. C. and
                   Shapiro, B. E. and Shimizu, T. S. and Spence, H. D. and
                   Stelling, J. and Takahashi, K. and Tomita, M. and
                   Wagner, J. and Wang, J.},
  Title          = {{The systems biology markup language (SBML): a medium
                   for representation and exchange of biochemical network
                   models}},
  Journal        = {Bioinformatics},
  Volume         = {19},
  Number         = {4},
  Pages          = {524--531},
  publisher      = {Oxford Univ Press},
  year           = 2003
}

@Article{wilson2006s,
  Author         = {Wilson, G.},
  Title          = {Where's the real bottleneck in scientific computing?},
  Journal        = {American Scientist},
  Volume         = {94},
  Pages          = {5--6},
  year           = 2006
}

@Article{qu2000origins,
  Author         = {Qu, Z. and Xie, F. and Garfinkel, A. and Weiss, J. N.},
  Title          = {Origins of spiral wave meander and breakup in a
                   two-dimensional cardiac tissue model},
  Journal        = {Ann. Biomed. Eng.},
  Volume         = {28},
  Pages          = {755--771},
  doi            = {10.1114/1.1289474},
  year           = 2000
}

@Article{hindmarsh2005sundials,
  Author         = {Hindmarsh, A. C. and Brown, P. N. and Grant, K. E. and
                   Lee, S. L. and Serban, R. and Shumaker, D. E. and
                   Woodward, C. S.},
  Title          = {{SUNDIALS: Suite of nonlinear and
                   differential/algebraic equation solvers}},
  Journal        = {ACM Trans. Math. Software},
  Volume         = {31},
  Pages          = {363--396},
  doi            = {10.1145/1089014.1089020},
  year           = 2005
}

